<collection xmlns="http://www.loc.gov/MARC21/slim">
   <record>
      <leader>02769nam a2200541 i 4500</leader>
      <controlfield tag="001">6810838</controlfield>
      <controlfield tag="003">CaOOAMICUS</controlfield>
      <controlfield tag="005">20150205134648.0</controlfield>
      <controlfield tag="006">m     o  d f      </controlfield>
      <controlfield tag="007">cr cn</controlfield>
      <controlfield tag="008">150128t20152015oncab   ob   f000 0 fre  </controlfield>
      <datafield ind1=" " ind2=" " tag="016">
         <subfield code="a">20157006743</subfield>
      </datafield>
      <datafield ind1=" " ind2=" " tag="035">
         <subfield code="a">ocn902919360</subfield>
      </datafield>
      <datafield ind1=" " ind2=" " tag="039">
         <subfield code="a">exclude</subfield>
      </datafield>
      <datafield ind1=" " ind2=" " tag="040">
         <subfield code="a">CaOONL</subfield>
         <subfield code="b">fre</subfield>
         <subfield code="e">rda</subfield>
         <subfield code="c">CaOONL</subfield>
         <subfield code="d">AEU</subfield>
      </datafield>
      <datafield ind1=" " ind2=" " tag="043">
         <subfield code="a">n-cn-nf</subfield>
      </datafield>
      <datafield ind1="1" ind2=" " tag="082">
         <subfield code="a">333.95</subfield>
         <subfield code="2">15</subfield>
      </datafield>
      <datafield ind1="1" ind2=" " tag="086">
         <subfield code="a">Fs70-6/2015-001F-PDF</subfield>
      </datafield>
      <datafield ind1=" " ind2=" " tag="090">
         <subfield code="a">Internet Access</subfield>
         <subfield code="b">AEU</subfield>
      </datafield>
      <datafield ind1="0" ind2="0" tag="245">
         <subfield code="a">Évaluation du stock de morue dans la sous-division 3PS de l'OPANO.</subfield>
      </datafield>
      <datafield ind1=" " ind2="1" tag="264">
         <subfield code="a">[Ottawa] :</subfield>
         <subfield code="b">Secrétariat canadien de consultation scientifique,</subfield>
         <subfield code="c">2015.</subfield>
      </datafield>
      <datafield ind1=" " ind2="4" tag="264">
         <subfield code="c">©2015</subfield>
      </datafield>
      <datafield ind1=" " ind2=" " tag="300">
         <subfield code="a">1 online resource (22 pages).</subfield>
      </datafield>
      <datafield ind1=" " ind2=" " tag="336">
         <subfield code="a">text</subfield>
         <subfield code="b">txt</subfield>
         <subfield code="2">rdacontent</subfield>
         <subfield code="0">http://id.loc.gov/vocabulary/contentTypes/txt</subfield>
      </datafield>
      <datafield ind1=" " ind2=" " tag="337">
         <subfield code="a">computer</subfield>
         <subfield code="b">c</subfield>
         <subfield code="2">rdamedia</subfield>
         <subfield code="0">http://id.loc.gov/vocabulary/mediaTypes/c</subfield>
      </datafield>
      <datafield ind1=" " ind2=" " tag="338">
         <subfield code="a">online resource</subfield>
         <subfield code="b">cr</subfield>
         <subfield code="2">rdacarrier</subfield>
         <subfield code="0">http://id.loc.gov/vocabulary/carriers/cr</subfield>
      </datafield>
      <datafield ind1="1" ind2=" " tag="490">
         <subfield code="a">Avis scientifique,</subfield>
         <subfield code="x">1919-5117 ;</subfield>
         <subfield code="v">2015/001</subfield>
      </datafield>
      <datafield ind1=" " ind2=" " tag="500">
         <subfield code="a">Diffusé par le Programme des services de dépôt du gouvernement du Canada (Liste hebdomadaire 2015-04).</subfield>
      </datafield>
      <datafield ind1=" " ind2=" " tag="500">
         <subfield code="a">Publié aussi en anglais sous le titre : Stock assessment of NAFO subdivision 3PS cod.</subfield>
      </datafield>
      <datafield ind1=" " ind2=" " tag="500">
         <subfield code="a">"Janvier 2015."</subfield>
      </datafield>
      <datafield ind1=" " ind2=" " tag="504">
         <subfield code="a">Comprend des références bibliographiques.</subfield>
      </datafield>
      <datafield ind1=" " ind2=" " tag="550">
         <subfield code="a">Publié par : Pêches et océans Canada, Région de Terre-Neuve et du Labrador.</subfield>
      </datafield>
      <datafield ind1=" " ind2=" " tag="596">
         <subfield code="a">13 44 57</subfield>
      </datafield>
      <datafield ind1=" " ind2="6" tag="650">
         <subfield code="a">Morue</subfield>
         <subfield code="x">Pêche commerciale</subfield>
         <subfield code="z">Terre-Neuve-et-Labrador</subfield>
         <subfield code="x">Gestion.</subfield>
      </datafield>
      <datafield ind1=" " ind2="0" tag="650">
         <subfield code="a">Cod fisheries</subfield>
         <subfield code="z">Newfoundland and Labrador</subfield>
         <subfield code="x">Management.</subfield>
      </datafield>
      <datafield ind1="2" ind2=" " tag="710">
         <subfield code="a">Secrétariat canadien de consultation scientifique,</subfield>
         <subfield code="e">issuing body.</subfield>
         <subfield code="0">http://id.loc.gov/authorities/names/no2002016163</subfield>
      </datafield>
      <datafield ind1="1" ind2=" " tag="710">
         <subfield code="a">Canada.</subfield>
         <subfield code="b">Ministère des pêches et des océans.</subfield>
         <subfield code="b">Région de Terre-Neuve et du Labrador,</subfield>
         <subfield code="e">issuing body.</subfield>
      </datafield>
      <datafield ind1=" " ind2=" " tag="758">
         <subfield code="0">http://worldcat.org/entity/work/id/23828723</subfield>
      </datafield>
      <datafield ind1="0" ind2=" " tag="787">
         <subfield code="n">OCLC Work Id</subfield>
         <subfield code="o">http://worldcat.org/entity/work/id/23828723</subfield>
      </datafield>
      <datafield ind1=" " ind2="0" tag="830">
         <subfield code="a">Avis scientifique ;</subfield>
         <subfield code="v">2015/001.</subfield>
      </datafield>
      <datafield ind1="4" ind2="0" tag="856">
         <subfield code="3">Free Access</subfield>
         <subfield code="u">http://publications.gc.ca/collections/collection_2015/mpo-dfo/Fs70-6-2015-001-fra.pdf</subfield>
      </datafield>
      <datafield ind1="4" ind2="0" tag="856">
         <subfield code="3">Free Access</subfield>
         <subfield code="u">http://epe.lac-bac.gc.ca/100/201/301/liste_hebdomadaire/2015/electronique/w15-04-U-F.html/collections/collection_2015/mpo-dfo/Fs70-6-2015-001-fra.pdf</subfield>
      </datafield>
      <datafield ind1=" " ind2=" " tag="949">
         <subfield code="h">UAIN</subfield>
         <subfield code="m">NEOS_FREE</subfield>
         <subfield code="z">DSP</subfield>
      </datafield>
      <datafield ind1=" " ind2=" " tag="949">
         <subfield code="h">UAIN</subfield>
         <subfield code="z">DSP</subfield>
      </datafield>
      <datafield ind1=" " ind2=" " tag="949">
         <subfield code="h">UAIN</subfield>
         <subfield code="m">GR_MAC_INT</subfield>
         <subfield code="z">DSP</subfield>
      </datafield>
      <datafield ind1=" " ind2=" " tag="926">
         <subfield code="a">Internet Access</subfield>
         <subfield code="w">LC</subfield>
         <subfield code="c">1</subfield>
         <subfield code="i">6810838-1001</subfield>
         <subfield code="l">INTERNET</subfield>
         <subfield code="m">NEOS_FREE</subfield>
         <subfield code="r">Y</subfield>
         <subfield code="s">Y</subfield>
         <subfield code="t">E-RESOURCE</subfield>
         <subfield code="u">2/23/2015</subfield>
         <subfield code="x">E-BOOK</subfield>
         <subfield code="z">DSP</subfield>
      </datafield>
      <datafield ind1=" " ind2=" " tag="926">
         <subfield code="a">Internet Access</subfield>
         <subfield code="w">LC</subfield>
         <subfield code="c">1</subfield>
         <subfield code="i">6810838-2001</subfield>
         <subfield code="l">INTERNET</subfield>
         <subfield code="m">UAINTERNET</subfield>
         <subfield code="r">Y</subfield>
         <subfield code="s">Y</subfield>
         <subfield code="t">E-RESOURCE</subfield>
         <subfield code="u">2/23/2015</subfield>
         <subfield code="x">E-BOOK</subfield>
         <subfield code="z">DSP</subfield>
      </datafield>
      <datafield ind1=" " ind2=" " tag="926">
         <subfield code="a">Internet Access</subfield>
         <subfield code="w">LC</subfield>
         <subfield code="c">1</subfield>
         <subfield code="i">6810838-3001</subfield>
         <subfield code="l">INTERNET</subfield>
         <subfield code="m">GR_MAC_INT</subfield>
         <subfield code="r">Y</subfield>
         <subfield code="s">Y</subfield>
         <subfield code="t">E-RESOURCE</subfield>
         <subfield code="u">2/23/2015</subfield>
         <subfield code="x">E-BOOK</subfield>
         <subfield code="z">DSP</subfield>
      </datafield>
   </record>
</collection>
